<?xml version="1.0" encoding="UTF-8"?><collection xmlns="http://www.loc.gov/MARC21/slim"><record><leader>00395nam--2200133-i-4500</leader><controlfield tag="001">000011031</controlfield><controlfield tag="002">20161230</controlfield><controlfield tag="005">20161230201029</controlfield><controlfield tag="008">060222s1000------------r-----000-0-eng-d</controlfield><datafield ind1=" " ind2=" " tag="080"><subfield code="a">616.2(043):615.7(043)</subfield></datafield><datafield ind1=" " ind2=" " tag="100"><subfield code="a">Benmouffek, Sadi-andre</subfield></datafield><datafield ind1=" " ind2=" " tag="245"><subfield code="a">L intolerance a l aspirine et la maladie asthm atique.these</subfield></datafield><datafield ind1=" " ind2=" " tag="260"><subfield code="a">Paris, Faculte De Maedicine Bichat-beaujon, 1971. 46 P</subfield></datafield><datafield ind1=" " ind2=" " tag="852"><subfield code="a">40715</subfield></datafield></record></collection>